<?xml version="1.0" encoding="UTF-8"?><record xmlns="http://www.loc.gov/MARC21/slim" xmlns:cinclude="http://apache.org/cocoon/include/1.0" xmlns:zs="http://www.loc.gov/zing/srw/">
  <leader>00385cz  a2200133n  4500</leader>
  <controlfield tag="001">n  96104092 </controlfield>
  <controlfield tag="003">DLC</controlfield>
  <controlfield tag="005">19990625112759.9</controlfield>
  <controlfield tag="008">961025n| acannaab           |n aaa |||  </controlfield>
  <datafield tag="010" ind1=" " ind2=" ">
    <subfield code="a">n  96104092 </subfield>
  </datafield>
  <datafield tag="040" ind1=" " ind2=" ">
    <subfield code="a">DLC</subfield>
    <subfield code="c">DLC</subfield>
    <subfield code="d">DLC</subfield>
  </datafield>
  <datafield tag="100" ind1="1" ind2="0">
    <subfield code="a">Millhagen, Rebecka</subfield>
  </datafield>
  <datafield tag="670" ind1=" " ind2=" ">
    <subfield code="a">Sagerska huset, c1995:</subfield>
    <subfield code="b">t.p. (Rebecka Millhagen)</subfield>
  </datafield>
  <datafield tag="670" ind1=" " ind2=" ">
    <subfield code="a">Internet, Kung. Bib., 06-25-99</subfield>
    <subfield code="b">(Millhagen, Rebecka, 1969- )</subfield>
  </datafield>
</record>